@Comment{
SPDX-FileCopyrightText: 2025 Laura Milagros Castro Souto <lcastro@udc.es>

SPDX-License-Identifier: GPL-2.0-or-later
}
