% SPDX-FileCopyrightText: 2025 Laura Milagros Castro Souto <lcastro(at)udc.es>
% 
% SPDX-License-Identifier: GPL-2.0-or-later

%%%%%%%%%%%%%%%%%%%%%%%%%%%%%%%%%%%%%%%%%%%%%%%%%%%%%%%%%%%%%%%%%%%%%%%%%%%%%%%%
% BIBLIOGRAFÍA                                                                 %
%                                                                              %
% Objetivo: Recopilar las referencias a información utilizadas y/o algunas     %
%           otras que puedan resultar interesantes                             %
%%%%%%%%%%%%%%%%%%%%%%%%%%%%%%%%%%%%%%%%%%%%%%%%%%%%%%%%%%%%%%%%%%%%%%%%%%%%%%%%
@Misc{BOE-A-2024-22138,
  author = {{Ministerio de Hacienda}},
  title = {Orden HAC/1177/2024, de 17 de octubre, por la que se desarrollan las especificaciones técnicas, funcionales y de contenido referidas en el Reglamento que establece los requisitos que deben adoptar los sistemas y programas informáticos o electrónicos que soporten los procesos de facturación de empresarios y profesionales, y la estandarización de formatos de los registros de facturación},
  howpublished = {Boletín Oficial del Estado},
  number = {260},
  pages = {137528--137562},
  year = {2024},
  url = {https://www.boe.es/eli/es/o/2024/10/17/hac1177},
  note = {\dataacceso{} \today}
}

@Misc{gpul_web,
  author = {{GPUL}},
  title = {Grupo de Programadores e Usuarios de Linux},
  url = {https://gpul.org},
  year = {2025},
  note = {\dataacceso{} \today}
}

@Misc{odoo_web,
  author = {{Odoo S.A.}},
  title = {Odoo - Open Source Business Applications},
  url = {https://www.odoo.com},
  year = {2025},
  note = {\dataacceso{} \today}
}

@Misc{hyperkitty_web,
  author = {{Fedora Project}},
  title = {HyperKitty - A modern web interface for Mailman 3},
  url = {https://hyperkitty.readthedocs.io/},
  year = {2025},
  note = {\dataacceso{} \today}
}
